@article{aigner1985,
     jstor_articletype = {research-article},
     title = {Commercial/Industrial Customer Response to Time-of-Use Electricity Prices: Some Experimental Results},
     author = {Aigner, D.J. and Hirschberg, J.G.},
     journal = {The RAND Journal of Economics},
     jstor_issuetitle = {},
     volume = {16},
     number = {3},
     jstor_formatteddate = {Autumn, 1985},
     pages = {pp. 341-355},
     url = {http://www.jstor.org/stable/2555562},
     ISSN = {07416261},
     language = {English},
     year = {1985},
     publisher = {Wiley on behalf of RAND Corporation},
     copyright = {Copyright © 1985 RAND Corporation},
    }

@article{albadi2008,
  title={A summary of demand response in electricity markets},
  author={Albadi, M.H. and El-Saadany, E.F.},
  journal={Electric Power Systems Research},
  volume={78},
  number={11},
  pages={1989--1996},
  year={2008},
  publisher={Elsevier}
}

@article{apt2007,
  title={The spectrum of power from wind turbines},
  author={Apt, J.},
  journal={Journal of Power Sources},
  volume={169},
  number={2},
  pages={369--374},
  year={2007},
  publisher={Elsevier}
}

@article{ashrae2005,
  title={Fundamentals},
  author={Ashrae, ASHRAE Handbook},
  journal={American Society of Heating, Refrigerating and Air-Conditioning Engineers, Atlanta},
  year={2005}
}

@article{beil2014,
	author = {I. Biel and S. Backhaus and I. Hiskens},
	title = {Round-trip efficiency of demand response in commercial buildings},
	journal = {Energy and Buildings},
	volume = {submitted},
	year = {2014},
	url = {http://arxiv.lanl.gov/},
	}
	
@misc{borlick2010, 
	author = {R.L. Borlick},
	title = {Comments submitted to {FERC RM10-17}},
	month = {May 13},
	year = {2010},
	note = {URL http://elibrary.ferc.gov/idmws/common/opennat.asp?fileID=12346056}
	}
	
@article{brennan2009,
  title={Energy efficiency: Efficiency or monopsony?},
  author={Brennan, T.J.},
  journal={Resources for the Future Discussion Paper},
  pages={09--20},
  year={2009}
}

@article{broeer2014,
  title={Modeling framework and validation of a smart grid and demand response system for wind power integration},
  author={Broeer, T. and Fuller, J.C. and Tuffner, F. and Chassin, D.P. and Djilali, N.},
  journal={Applied Energy},
  volume={113},
  pages={199--207},
  year={2014},
  publisher={Elsevier}
}

@article{cardell1997,
  title={Market power and strategic interaction in electricity networks},
  author={Cardell, J. B. and Hitt, C. C. and Hogan, W. W.},
  journal={Resource and Energy Economics},
  volume={19},
  number={1},
  pages={109--137},
  year={1997},
  publisher={Elsevier}
}

@inproceedings{cardell2013,
  title={The Influence of Demand Resource Response Time in Balancing Wind and Load},
  author={Cardell, J. and Anderson, L.},
  booktitle={46th Hawaii International Conference on System Sciences (HICSS)},
  pages={2364--2370},
  year={2013},
  organization={IEEE}
}

@article{chang2012,
  title={Selling the Smart Grid—Part 1: Why Consumers Must Buy In for the Smart Grid to Succeed},
  author={Chang, R. and Yuan, Y. and Lv, H. and Yin, W. and Yang, S.X.},
  journal={Consumer Electronics Magazine, IEEE},
  volume={1},
  number={2},
  pages={24--31},
  year={2012},
  publisher={IEEE}
}

@inproceedings{chassin2013a,
  title={Load control analysis for intermittent generation mitigation},
  author={Chassin, D.P.},
  booktitle={46th Hawaii International Conference on System Sciences (HICSS)},
  pages={2305--2311},
  year={2013},
  organization={IEEE}
}

@article{chassin2014a,
  title={GridLAB-D: An agent-based simulation framework for smart grids},
  author={Chassin, D.P. and Fuller, J.C. and Djilali, N.},
  journal={Journal of Applied Mathematics},
  volume={2014},
  number={492320},
  year={2014},
}

@thesis{chassin2014b,
	author = {D. P. Chassin},
	title = {New Residential Thermostat for Transactive Systems},
	type = {MASc},
	institution = {University of Victoria},
	year = {2014},
	url = {http://www.uvic.ca/research/centres/iesvic/assets/docs/dissertations/Dissertation-Chassin.pdf}
}


@inproceedings{chassin2015a,
  title={Optimization of Customer Subscription Rates to Electric Utility Tariffs},
  author={D.P. Chassin and Y. Sun and A. Somani},
  booktitle={48th Hawaii International Conference on System Sciences (HICSS)},
  month={January},
  year={2015},
  organization={IEEE},
}
	   
@article{chao2002,
  title={Multi-dimensional procurement auctions for power reserves: Robust incentive-compatible scoring and settlement rules},
  author={Chao, H.P. and Wilson, R.},
  journal={Journal of Regulatory Economics},
  volume={22},
  number={2},
  pages={161--183},
  year={2002},
  publisher={Springer}
}

@inproceedings{chow2005,
  title={Electricity market design: An integrated approach to reliability assurance},
  author={Chow, J.H. and de Mello, R.W. and Cheung, K.W.},
  booktitle={Proceedings of the IEEE},
  volume={93(11)},
  pages={1956--1969},
  year={2005},
  publisher={IEEE}
}

@article{dubin1984,
     jstor_articletype = {research-article},
     title = {An Econometric Analysis of Residential Electric Appliance Holdings and Consumption},
     author = {Dubin, J.A. and McFadden, D.L.},
     journal = {Econometrica},
     jstor_issuetitle = {},
     volume = {52},
     number = {2},
     jstor_formatteddate = {Mar., 1984},
     pages = {pp. 345-362},
     url = {http://www.jstor.org/stable/1911493},
     ISSN = {00129682},
     language = {English},
     year = {1984},
     publisher = {The Econometric Society},
     copyright = {Copyright © 1984 The Econometric Society},
    }

@techreport{ecotope2014,
	title = {{Residential Building Stock Assessment: Metering Study}},
	author = {{B. Larson and L. Gilman and R. Davis and M. Logsdon, J. Uslan and B. Hannas and D. Baylon and P. Storm and V. Mugford and N. Kvaltine}},
	institution = {Northwest Energy Efficiency Alliance},
	year = {2014},
	month = {April 28},
	number = {E14-283},
	url = {http://neea.org/docs/default-source/reports/residential-building-stock-assessment--metering-study.pdf?sfvrsn=6},
	}

@article{ellison2012,
  title={Project report: A survey of operating reserve markets in us iso/rto-managed electric energy regions},
  author={Ellison, J.F. and Tesfatsion, L.S. and Loose, V.W. and Byrne, R.H.},
  journal={Sandia National Labs Publications. Available Online: http://www. sandia. gov/ess/publications/SAND2012\_1000. pdf},
  year={2012}
}

@inproceedings{eto2002,
  title={Innovative developments in load as a reliability resource},
  author={Eto, J. and Goldman, C. and Heffner, G. and Kirby, B. and Kueck, J. and Kintner-Meyer, M. and Dagle, J. and Mount, T. and Schultze, W. and Thomas, R. and others},
  booktitle={Power Engineering Society Winter Meeting, 2002. IEEE},
  volume={2},
  pages={1002--1004},
  year={2002},
  organization={IEEE}
}

@techreport{faruqi2009,
	author = {Faruqui, A. and Sergici, S.},
	title = {Household Response to Dynamic Pricing of Electricity -- A Survey of the Empirical Evidence},
	month = {February},
	year = {2010},
	institution = {Brattle Group},
	}
	
@misc{ferc2003,
	author={United States Federal Energy Regulatory Commission},
	title={White Paper--Wholesale Power Market Platform},
	month={April 28},
	year={2003},
	}
	  
@misc{ferc2011, 
	author={United States Federal Energy Regulatory Commission},
	title={Order No. 745 ``Demand Response Compensation in Organized Wholesale Energy Markets''},
	month={March 15},
	year={2011},
	note={URL http://www.ferc.gov/EventCalendar/Files/20110315105757-RM10-17-000.pdf}
	}

@misc{ferc2011b, 
	author={United State Federal Energy Regulatory Commission},
	title={Order No. 755 ``Frequency Regulation Compensation in the Wholesale  Compensation in Wholesale Markets''},
	month={October 20},
	year={2011},
	}

@techreport{ferc2012,
	title={Assessment of Demand Response and Advanced Metering},
	institution={Federal Energy Regulatory Commission (FERC)},
	author={FERC},
	year={2012},
	}

@article{foley2012,
  title={Current methods and advances in forecasting of wind power generation},
  author={Foley, A.M. and Leahy, P.G. and Marvuglia, A. and McKeogh, E.J.},
  journal={Renewable Energy},
  volume={37},
  number={1},
  pages={1--8},
  year={2012},
  publisher={Elsevier}
}

@book{frank2009,
  title={Principles of microeconomics},
  author={R. Frank and B. Bernanke},
  publisher={McGraw-Hill/Irwin, New York},
  year = {2009}
}

@techreport{gaikwad2010,
	title = {End-use Load composition estimation using smart meter data},
	author = {A. Gaikwad and D.P. Chassin},
	institution = {Electric Power Research Institute (EPRI)},
	year = {2010},
	}

@book{glover2012,
	author = {J. Glover},
	title = {Power System Analysis and Design},
	publisher = {Cengage Learning},
	year = {2012},
	}
	
@techreport{goldman2010,
  title={Coordination of energy efficiency and demand response},
  author={Goldman, C.},
  institution={Lawrence Berkeley National Laboratory},
  year={2010}
}

@article{gross2006,
  title={The costs and impacts of intermittency},
  author={Gross, R. and H., Philip and Anderson, D. and Green, T. and Leach, M. and Skea, J.},
  journal={UK Energy Research Centre, London},
  year={2006}
}

@techreport{hall1978,
  title={Generation of a typical meteorological year},
  author={Hall, I.J. and Prairie, R.R. and Anderson, H.E. and Boes, E.C.},
  year={1978},
  number={SAND-78-1096C/CONF-780639-1},
  institution={Sandia Laboratories, Albuquerque, NM (USA)}
}

@techreport{hammerstrom2007,
	author={D.J. Hammerstrom et al.}, 
	title="Pacific {Northwest} {GridWise} Testbed Demonstration Projects: {Part I}. {Olympic Peninsula} Project", 
	number={17167},
	institution={Pacific Northwest National Laboratory},
	address={Richland WA},
	month={October},
	year={2007},
	}

@inproceedings{hausman2004,
	author={E.D. Hausman and R.D. Tabors},
	title="The role of demand under scheduling in the {California} energy crisis",
	booktitle={The 37th Hawaii International Conference on System Sciences (HICSS-37)},
	address={Hawaii},
	year={2004},
	}

@article{hogan1998,
	title={Competitive electricity market design: A wholesale primer},
	author={W.W. Hogan},
	journal={John F. Kennedy School of Government},
	year={1998},
	month={December},
	publisher = {Harvard University},
	}

@misc{hogan2009, 
	author = {W.W. Hogan},
	title = "Providing Incentives for Efficient Demand Response",
	howpublished = {FERC Docket No. EL09-68},
	month = {October 29},
	year = {2009},
	note = {Attachment to Answer of EPSA.\\URL http://www.epsa.org/forms/uploadFiles/...\\1227200000027.filename.FINALEPSAAnswertoDRS.pdf},
	}

@inproceedings{huberman1995,
  title={A Multi-Agent System for Controlling Building Environments.},
  author={B. A. Huberman and S. H. Clearwater},
  booktitle={ICMAS},
  pages={171--176},
  year={1995}
}
   
@misc{iecc2012,
	author = {IECC},
	title = {{International Energy Conservation Code}, {Chapter 4} -- {Residential Energy Efficiency}},
	year = {2012},
	url={http://publicecodes.cyberregs.com/icod/iecc/2012/},
	}

@inproceedings{jin2012,
  title={Simulation models for evaluation of network design and hierarchical transactive control mechanisms in Smart Grids},
  author={Jin, D. and Zhang, X. and Ghosh, S.},
  booktitle={Innovative Smart Grid Technologies (ISGT), 2012 IEEE PES},
  pages={1--8},
  year={2012},
  organization={IEEE}
}

@article{kalkuhl2012,
  title={Learning or lock-in: Optimal technology policies to support mitigation},
  author={Kalkuhl, M. and Edenhofer, O. and Lessmann, K.},
  journal={Resource and Energy Economics},
  volume={34},
  number={1},
  pages={1--23},
  year={2012},
  publisher={Elsevier}
}

@report{kannberg2004,
	author = {L. D. Kannberg and D. P. Chassin and J. G. DeSteese and S. G. Hauser and M.C. Kintner-Meyer and R. G. Pratt and L. A. Schienbein and M. W. Warwick},
	title = {GridWiseTM: The benefits of a transformed energy system},
	note = {PNNL Report No. 14396, Pacific Northwest National Laboratory, Richland, Washington. September 2003. URL http://arxiv.org/ftp/nlin/papers/0409/0409035.pdf},
}

@inproceedings{koch2011,
  title={Modeling and control of aggregated heterogeneous thermostatically controlled loads for ancillary services},
  author={Koch, S. and Mathieu, J.L. and Callaway, D.S.},
  booktitle={PSCC},
  pages={1--7},
  year={2011}
}

@inproceedings{kosterev2008,
  title={Load modeling in power system studies: {WECC} progress update},
  author={Kosterev, D.N. and Meklin, A. and Undrill, J. and Lesieutre, B. and Price, W. and Chassin, D. and Bravo, R. and Yang, S.},
  booktitle={Power and Energy Society General Meeting-Conversion and Delivery of Electrical Energy in the 21st Century, 2008 IEEE},
  pages={1--8},
  year={2008},
  organization={IEEE}
}

@book{kreider2001,
	title={Handbook of heating, ventilation, and air conditioning},
	author={J.F. Kreider et al},
	year={2001},
	publisher={CRC Press Boca Raton}
}

@book{kundur1994,
	author = {P. Kundur},
	title = {Power System Stability and Control},
	publisher = {McGraw-Hill},
	year = {1994},
	}

@inproceedings{lew2012,
  title={Impacts of wind and solar on fossil-fueled generators},
  author={Lew, D. and Brinkman, G. and Kumar, N. and Besuner, P. and Agan, D. and Lefton, S.},
  booktitle={IEEE Power and Energy Society General Meeting},
  year={2012}
}

@inproceedings{li2011,
  title={ISO net surplus collection and allocation in wholesale power markets under LMP},
  author={Li, H. and Tesfatsion, L.},
  booktitle={Power Systems, IEEE Transactions on},
  volume={26(2)},
  pages={627--641},
  year={2011},
  publisher={IEEE}
}

@article{lijesen2007,
	title = "The real-time price elasticity of electricity ",
	journal = "Energy Economics ",
	volume = "29",
	number = "2",
	pages = "249 - 258",
	year = "2007",
	note = "",
	issn = "0140-9883",
	doi = "http://dx.doi.org/10.1016/j.eneco.2006.08.008",
	url = "http://www.sciencedirect.com/science/article/pii/S0140988306001010",
	author = "M.G. Lijesen",
	keywords = "Electricity",
	keywords = "Price elasticity",
	keywords = "Empirical demand analysis "
}

@article{liu2011,
  title={Controllability of complex networks},
  author={Liu, Y.Y. and Slotine, J.J. and Barab{\'a}si, A.L.},
  journal={Nature},
  volume={473},
  number={7346},
  pages={167--173},
  year={2011},
  publisher={Nature Publishing Group}
}

@inproceedings{lu2004,
  title={A state-queueing model of thermostatically controlled appliances},
  author={Lu, N. and Chassin, D.P.},
  booktitle={Power Systems, IEEE Transactions on},
  volume={19(3)},
  pages={1666--1673},
  year={2004},
  publisher={IEEE}
}

@article{makarov2012,
  title={Sizing energy storage to accommodate high penetration of variable energy resources},
  author={Makarov, Y.V. and Du, P. and Kintner-Meyer, M.C.W. and Jin, C. and Illian, H.F.},
  journal={Sustainable Energy, IEEE Transactions on},
  volume={3},
  number={1},
  pages={34--40},
  year={2012},
  publisher={IEEE}
}

@article{mit2011,
  title={Managing Large-Scale Penetration of Intermittent Renewables},
  author={MIT Energy Initiative},
  journal={Massachussets Insitute of Technology (MIT)},
  year={2011}
}

@article{moura2010,
	title = "The role of demand-side management in the grid integration of wind power ",
	journal = "Applied Energy ",
	volume = "87",
	number = "8",
	pages = "2581 - 2588",
	year = "2010",
	note = "",
	issn = "0306-2619",
	doi = "http://dx.doi.org/10.1016/j.apenergy.2010.03.019",
	url = "http://www.sciencedirect.com/science/article/pii/S0306261910000838",
	author = "P. S. Moura and A. T. de Almeida",
}

	}

@article{murray2003,
  title={Future directions in control in an information-rich world},
  author={Murray, R.M. and Astrom, K.J. and Boyd, S.P. and Brockett, R.W. and Stein, G.},
  journal={Control Systems, IEEE},
  volume={23},
  number={2},
  pages={20--33},
  year={2003},
  publisher={IEEE}
}

@techreport{nerc2004,
	author = {NERC},
	title = {Operating Policies and Planning Standards},
	institution = {North American Electricity Reliability Corporation},
	year = {2004},
	}

@techreport{nerc2006,
	author = {NERC},
	title = {List of Balancing Authorities by Region},
	institution = {North American Electricity Reliability Corporation},
	month = {January},
	year = {2006},
	}

@techreport{nerc2009,
	author = {NERC},
	title = {Standard BAL-001-0.1a},
	institution = {North American Electricity Reliability Corporation},
	year = {2009},
	}

@techreport{nerc2011, 
	author = {NERC},
	title = {Balancing and Frequency Control},
	institution = {North American Electricity Reliability Corporation},
	month = {January}, 
	year = {2011},
	}
	
@book{ogata2010,
  title={Modern control engineering},
  author={K. Ogata},
  publisher={Prentice-Hall},
  year={2010}
}

@article{orans2006,
  title={Phase I Results: Incentives and Rate Design for Energy Efficiency and Demand Response},
  author={R. Orans et al.},
  journal={California Energy Commission, PIER DRRC. LBNL-60133},
  year={2006}
}

@inproceedings{oren2001,
  title={Design of ancillary service markets},
  author={Oren, Shmuel S.},
  booktitle={System Sciences, 2001. Proceedings of the 34th Annual Hawaii International Conference on},
  year={2001},
  organization={IEEE}
}
	
@article{oyediran2013,
  title={Models for pricing of electricity commodity},
  author={Oyediran, O.B.},
  journal={Mathematical Theory and modeling},
  volume={3},
  number={1},
  pages={71--84},
  year={2013}
}

@inproceedings{pereira2002,
  title={An interim dynamic induction motor model for stability studies in the WSCC},
  author={Pereira, L. and Kosterev, D.N. and Mackin, P. and Davies, D. and Undrill, J. and Zhu, W.},
  booktitle={IEEE Transactions on Power Systems},
  volume={17(4)},
  pages={1108--1115},
  year={2002},
  publisher={IEEE}
}

@article{pierce2012,
  title={Primer on Demand Response and a Critique of FERC Order 745, A},
  author={Pierce Jr., R.J.},
  year={2012},
  journal={HeinOnline}
}

@article{pitt2005,
  title={Utility-Scale Wind Power: Impacts of Increased Penetration},
  author={Pitt, L. and Kooten, G.C. van and Love, M. and Djilali, N.},
  journal={Proceedings of the International Green Energy Conference12},
  year={2005}
}

@techreport{pnnl2014,
	title = {Transactive Control and Coordination of Distributed Assets for Ancillary Services: Controls, Markets and Simulations},
	author = {K. Subbarao et al.},
	institution = {Pacific Northwest National Laboratory},
	city = {Richland, Washington},
	year = {2014},
	month = {November},
	number = {number not available},
	}

@techreport{pratt1991a,
  title={Significant ELCAP analysis results: Summary report.[End-use Load and Consumer Assessment Program]},
  author={Pratt, R.G. and Conner, C.C. and Drost, M.K. and Miller, N.E. and Cooke, B.A. and Halverson, M.A. and Lebaron, B.A. and Lucas, R.G. and Jo, J. and E.E. Richman et al.},
  year={1991},
  institution={Pacific Northwest Lab., Richland, WA (USA)}
}

@article{pratt1993a,
  title={Metered end-use consumption and load shapes from the ELCAP residential sample of existing homes in the Pacific Northwest},
  author={Pratt, R.G. and Conner, C.C. and Cooke, B.A. and Richman, E.E.},
  journal={Energy and buildings},
  volume={19},
  number={3},
  pages={179--193},
  year={1993},
  publisher={Elsevier}
}

@techreport{pratt2010,
	title={The Smart Grid: An estimation of the energy and {CO2} benefits},
	author={Pratt, R.G. and Balducci, P.J. and Gerkensmeyer, C. and Katipamula, S. and Kintner-Meyer, M.C.W. and Sanquist, T.F. and Schneider, K.P. and Secrest, T.J.},
	institution={Pacific Northwest National Laboratory, Richland, Washington},
	number={19112 Revision 1},
	year={2010},
	month={January},
	}

@techreport{pullum2012,
  title={Techniques and issues in agent-based modeling validation},
  author={Pullum, L.L. and Cui, X.},
  year={2012},
  institution={Oak Ridge National Laboratory}
}

@article{rahimi2010,
  title={Demand response as a market resource under the smart grid paradigm},
  author={Rahimi, F. and Ipakchi, A.},
  journal={Smart Grid, IEEE Transactions on},
  volume={1},
  number={1},
  pages={82--88},
  year={2010},
  publisher={IEEE}
}

@article{roozbehani2012,
  title={Volatility of power grids under real-time pricing},
  author={Roozbehani, M. and Dahleh, M.A. and Mitter, S.K.},
  journal={Power Systems, IEEE Transactions on},
  volume={27},
  number={4},
  pages={1926--1940},
  year={2012},
  publisher={IEEE}
}

@article{saele2010,
  title={State-of-the-art Projects for estimating the electricity end-use demand},
  author={S{\ae}le, H. and Rosenberg, E. and Feilberg, N.},
  journal={Sintef Energy Research},
  year={2010}
}

@article{schweppe1980,
  title={Homeostatic utility control},
  author={Schweppe, Fred C and Tabors, Richard D and Kirtley, James L and Outhred, Hugh R and Pickel, Frederick H and Cox, Alan J},
  journal={Power Apparatus and Systems, IEEE Transactions on},
  number={3},
  pages={1151--1163},
  year={1980},
  publisher={IEEE}
}

@techreport{siddiqui2003,
  title={Price-elastic demand in deregulated electricity markets},
  author={Siddiqui, A.S.},
  institution={Lawrence Berkeley National Laboratory},
  year={2003}
}

@inproceedings{smith1977,
	author = {Smith, Reid G.},
	title = {The Contract Net: A Formalism for the Control of Distributed Problem Solving},
	booktitle = {Proceedings of the 5th International Joint Conference on Artificial Intelligence - Volume 1},
	series = {IJCAI77},
	year = {1977},
	location = {Cambridge, USA},
	pages = {472--472},
	numpages = {1},
	url = {http://dl.acm.org/citation.cfm?id=1624435.1624538},
	acmid = {1624538},
	publisher = {Morgan Kaufmann Publishers Inc.},
	address = {San Francisco, CA, USA},
}

@techreport{smith2004,
  title={Wind Power Impacts on Electric Power System Operating Costs: Summary and Perspective on Work to Date; Preprint},
  author={Smith, J.C. and DeMeo, E.A. and Parsons, B. and Milligan, M.},
  year={2004},
  institution={National Renewable Energy Lab., Golden, CO.(US)}
}

@misc{smith2005,
	author={V. Smith and L. Kiesling},
	title={A market-based model for {ISO}-sponsored demand response programs},
	howpublished={A white paper prepared for the multi-client study},
	month={August},
	year={2005},
	}
	
@book{stoft2002,
	author = {S. Stoft},
	title = {Power Systems Economics},
	publisher = {IEEE Press},
	year = {2002},
	}

@techreport{subbarao2013,
  title={Transactive Control and Coordination of Distributed Assets for Ancillary Services},
  author={Subbarao, K. and Fuller, J.C. and Kalsi, K. and Somani, A. and Pratt, R.G. and Widergren, S.E. and Chassin, D.P.},
  year={2013},
  institution={Pacific Northwest National Laboratory (PNNL), Richland, WA (US)},
  }
  	
@book{schweppe1988, 
	title={Spot pricing of electricity}, 	
	author={Schweppe, F.C. and Tabors, R.D. and Caraminis, M.C. and Bohn, R.E.}, 
	publisher={Kluwer Academic Publishers, Norwell, MA},
	year={1988}, 
	month={January},
	}

@techreport{thomas2005,
  title={GARCH Modelling of High-Frequency Volatility in Australia’s National Electricity Market},
  author={Thomas, S. and Mitchell, H.},
  year={2005},
  institution={Discussion Paper. Melbourne Centre for Financial Studies}
}

@article{torriti2012,
	title = "Price-based demand side management: Assessing the impacts of time-of-use tariffs on residential electricity demand and peak shifting in Northern Italy ",
	journal = "Energy ",
	volume = "44",
	number = "1",
	pages = "576 - 583",
	year = "2012",
	note = "Integration and Energy System Engineering, European Symposium on Computer-Aided Process Engineering 2011 ",
	issn = "0360-5442",
	doi = "http://dx.doi.org/10.1016/j.energy.2012.05.043",
	url = "http://www.sciencedirect.com/science/article/pii/S0360544212004409",
	author = "J. Torriti",
	keywords = "Demand side management",
	keywords = "Residential electricity demand",
	keywords = "Smart meters",
	keywords = "Time-of-Use ",
}

@techreport{uem2005,
	title = {The Source -- First Quarter},
	institution = {Utility Enterprice Management},
	year = {2005},
}

@techreport{ur_nodate,
	institution = {Utility Regulation},
	title = {Demand Ratchet},
	}

@misc{uscadc2014, 
	author = {US Court of Appeals for the District of Columbia},
	title = {{Electric Power Supply Association v. Federal Energy Regulatory Commission}},
	year = {2014},
	month = {decided on May 23},
	note = {URL http://caselaw.findlaw.com/us-dc-circuit/1667561.html}
	}
	
@inproceedings{vaahedi1988,
  title={Dynamic load modeling in large scale stability studies},
  author={Vaahedi, E. and El-Din, H.M.Z. and Price, W.W.},
  booktitle={IEEE Transactions on Power Systems},
  volume={3(3)},
  pages={1039--1045},
  year={1988},
  publisher={IEEE}
}

@article{valentino2012,
  title={System-wide emissions implications of increased wind power penetration},
  author={Valentino, L. and Valenzuela, V. and Botterud, A. and Zhou, Z. and Conzelmann, G.},
  journal={Environmental science \& technology},
  volume={46},
  number={7},
  pages={4200--4206},
  year={2012},
  publisher={ACS Publications}
}

@article{varian1985,
  title={Price discrimination and social welfare},
  author={Varian, H.R.},
  journal={The American Economic Review},
  pages={870--875},
  year={1985},
  publisher={JSTOR}
}

@article{wang2012,
	title = "Online voltage security assessment considering comfort-constrained demand response control of distributed heat pump systems ",
	journal = "Applied Energy ",
	volume = "96",
	number = "0",
	pages = "104 - 114",
	year = "2012",
	note = "Smart Grids ",
	issn = "0306-2619",
	doi = "http://dx.doi.org/10.1016/j.apenergy.2011.12.005",
	url = "http://www.sciencedirect.com/science/article/pii/S0306261911007999",
	author = "D. Wang and S. Parkinson and W. Miao and H. Jia and C. Crawford and N. Djilali",
}

@misc{weccmvwg2012a,
	author = {WECC Modeling and Validation Work Group},
	title = {{WECC MVWG Load Model Report} ver.1.0},
	year = {2012},
	month = {June},
	}

@article{white2004,
  title={Reduction in Carbon Dioxide Emissions: Estimating the potential contribution from wind power},
  author={White, D.},
  journal={Report commissioned and published by the Renewable Energy Foundation. December},
  year={2004}
}

@techreport{widergren2014,
	author={S.E. Widergren et al.}, 
	title={{AEP Ohio gridSMART} Demonstration Project Real-Time Pricing Demonstration Analysis}, 
	number={23192},
	institution={Pacific Northwest National Laboratory},
	month={March},
	year={2014},
	}
	
@inproceedings{ygge1998,
  title={A multi-commodity market approach to power load management},
  author={F. Ygge and H. Akkermans and A. Andersson},
  booktitle={International Conference on Multi Agent Systems, July},
  pages={4--7},
  year={1998}
}

@article{yuan2012,
  title={Selling the smart grid-part 2: how consumers will interact with the smart grid},
  author={Yuan, Y. and Chang, R. and Lu, H. and Yin, W. and Yang, S.X.},
  journal={Consumer Electronics Magazine, IEEE},
  volume={1},
  number={3},
  pages={20--28},
  year={2012},
  publisher={IEEE}
}

@inproceedings{zhang2012,
  title={Reduced-order modeling of aggregated thermostatic loads with demand response.},
  author={Zhang, W. and Lian, J. and Chang, C.Y. and Kalsi, K. and Sun, Y.},
  booktitle={IEEE CDC},
  pages={5592--5597},
  year={2012}
}

